<record><leader>00000cas a2200000 a 4500</leader><controlfield tag="001">13056950</controlfield><controlfield tag="008">860124d18uu1924caudr ne      0    0eng c</controlfield><datafield ind1=" " ind2=" " tag="010"><subfield code="a">sn 85066453 </subfield></datafield><datafield ind1=" " ind2=" " tag="040"><subfield code="a">KSH</subfield><subfield code="b">eng</subfield><subfield code="c">KSH</subfield><subfield code="d">NPT</subfield><subfield code="d">MGN</subfield><subfield code="d">CNK</subfield><subfield code="d">OCLCQ</subfield><subfield code="d">CNK</subfield><subfield code="d">OCLCQ</subfield><subfield code="d">OCLCF</subfield><subfield code="d">OCLCO</subfield></datafield><datafield ind1="1" ind2=" " tag="029"><subfield code="a">AU@</subfield><subfield code="b">000025839816</subfield></datafield><datafield ind1=" " ind2=" " tag="042"><subfield code="a">pcc</subfield></datafield><datafield ind1=" " ind2=" " tag="043"><subfield code="a">n-us-ca</subfield></datafield><datafield ind1="0" ind2="0" tag="245"><subfield code="a">Long Beach press.</subfield></datafield><datafield ind1="3" ind2=" " tag="246"><subfield code="a">Long Beach Sunday press</subfield></datafield><datafield ind1="3" ind2=" " tag="246"><subfield code="a">Sunday Long Beach press</subfield></datafield><datafield ind1="3" ind2=" " tag="246"><subfield code="a">Long Beach press and Long Beach tribune</subfield></datafield><datafield ind1=" " ind2=" " tag="260"><subfield code="a">Long Beach, Cal. :</subfield><subfield code="b">J.A. Miller</subfield></datafield><datafield ind1=" " ind2=" " tag="300"><subfield code="a">v. ;</subfield><subfield code="c">54 cm.</subfield></datafield><datafield ind1=" " ind2=" " tag="310"><subfield code="a">Daily,</subfield><subfield code="b">&lt;Nov. 18, 1902&gt;-Aug. 31, 1924</subfield></datafield><datafield ind1=" " ind2=" " tag="321"><subfield code="a">Semiweekly,</subfield><subfield code="b">&lt;Jan. 22, 1901&gt;-Oct. 31, 1902</subfield></datafield><datafield ind1=" " ind2=" " tag="321"><subfield code="a">Weekly,</subfield><subfield code="b">Nov. 7, 1902-&lt;Nov. 14, 1902&gt;</subfield></datafield><datafield ind1="0" ind2=" " tag="362"><subfield code="a">-Aug. 31, 1924.</subfield></datafield><datafield ind1=" " ind2=" " tag="500"><subfield code="a">"Sunday" appears in masthead ornament on Sunday issue, Dec. 4, 1921-</subfield></datafield><datafield ind1=" " ind2=" " tag="500"><subfield code="a">"And Long Beach tribune" appears under masthead title, Sept. 2, 1907.</subfield></datafield><datafield ind1=" " ind2=" " tag="500"><subfield code="a">A short-lived weekly ed. also published Nov. 7-&lt;14&gt;, 1902, which split from, and re-merged with the concurrent daily ed.; first issue carries numbering of the semiweekly, second issue carries own numbering: v. 1, no. 2. Ceased with Nov. 14, 1902 issue?</subfield></datafield><datafield ind1=" " ind2=" " tag="530"><subfield code="a">Master negatives are available for duplication from:</subfield><subfield code="b">California Newspaper Microfilm Archive;</subfield><subfield code="c">positive copies may be purchased by the reel; for further information consult the CNMA at:</subfield><subfield code="u">http://cbsr.ucr.edu</subfield></datafield><datafield ind1=" " ind2=" " tag="588"><subfield code="a">Description based on: Vol. 13, no. 24 (Jan. 22, 1901).</subfield></datafield><datafield ind1=" " ind2="0" tag="651"><subfield code="a">Long Beach (Calif.)</subfield><subfield code="v">Newspapers.</subfield></datafield><datafield ind1=" " ind2="7" tag="655"><subfield code="a">Newspapers.</subfield><subfield code="2">fast</subfield><subfield code="0">(OCoLC)fst01423814</subfield></datafield><datafield ind1=" " ind2="7" tag="651"><subfield code="a">California</subfield><subfield code="z">Long Beach.</subfield><subfield code="2">fast</subfield><subfield code="0">(OCoLC)fst01206254</subfield></datafield><datafield ind1=" " ind2=" " tag="752"><subfield code="a">United States</subfield><subfield code="b">California</subfield><subfield code="c">Los Angeles</subfield><subfield code="d">Long Beach.</subfield></datafield><datafield ind1="0" ind2="5" tag="780"><subfield code="t">Long Beach tribune</subfield><subfield code="w">(DLC)sn 96062835</subfield></datafield><datafield ind1="0" ind2="7" tag="785"><subfield code="t">Long Beach telegram and the Long Beach daily news</subfield><subfield code="w">(DLC)sn 96062845</subfield></datafield><datafield ind1="0" ind2="7" tag="785"><subfield code="t">Press-telegram (Long Beach, Calif. : 1924)</subfield><subfield code="w">(DLC)sn 96062838</subfield></datafield></record>